<?xml version="1.0" encoding="UTF-8"?><collection xmlns="http://www.loc.gov/MARC21/slim"><record><leader>00392nam--2200145-i-4500</leader><controlfield tag="001">000008845</controlfield><controlfield tag="002">20161230</controlfield><controlfield tag="005">20170306183223</controlfield><controlfield tag="008">060222s1000------------r-----000-0-eng-d</controlfield><datafield ind1=" " ind2=" " tag="245"><subfield code="a">Electronic connection techniques and equipment 1968-69</subfield></datafield><datafield ind1=" " ind2=" " tag="260"><subfield code="a">Oxford</subfield><subfield code="b">Pergamon Press</subfield><subfield code="c">1968</subfield></datafield><datafield ind1=" " ind2=" " tag="300"><subfield code="a">XVII+552 p</subfield></datafield><datafield ind1=" " ind2=" " tag="700"><subfield code="a">Robertson, Mackenzie J</subfield></datafield><datafield ind1=" " ind2=" " tag="852"><subfield code="a">621.38</subfield></datafield><datafield ind1=" " ind2=" " tag="CAT"><subfield code="a">SYS</subfield><subfield code="c">20170306</subfield><subfield code="h">183223</subfield></datafield></record></collection>